
  @article{stegmueller2013many,
  title={How many countries for multilevel modeling? A comparison of frequentist and Bayesian approaches},
  author={Stegmueller, Daniel},
  journal={American Journal of Political Science},
  volume={57},
  number={3},
  pages={748--761},
  year={2013},
  publisher={Wiley Online Library}
  }

  @article{johnston2014ideology,
  title={Ideology, the Affordable Care Act Ruling, and Supreme Court Legitimacy},
  author={Johnston, Christopher D and Hillygus, D Sunshine and Bartels, Brandon L},
  journal={Public Opinion Quarterly},
  volume={78},
  number={4},
  pages={963--973},
  year={2014},
  publisher={Oxford University Press UK}
  }
  
  @book{beramendi2008democracy,
  title={Democracy, Inequality, and Representation in Comparative Perspective},
  author={Beramendi, Pablo and Anderson, Christopher J},
  year={2008},
  publisher={Russell Sage Foundation}
  }

  @article{bell2015explaining,
  title={Explaining fixed effects: Random effects modeling of time-series cross-sectional and panel data},
  author={Bell, Andrew and Jones, Kelvyn},
  journal={Political Science Research and Methods},
  volume={3},
  number={1},
  pages={133--153},
  year={2015},
  publisher={Cambridge University Press}
  }

